% Encoding: UTF-8


@inproceedings{consistency-in-distributed-systems,
  author    = {David Bermbach and
               J{\"{o}}rn Kuhlenkamp},
  editor    = {Vincent Gramoli and
               Rachid Guerraoui},
  title     = {Consistency in Distributed Storage Systems - An Overview of Models,
               Metrics and Measurement Approaches},
  booktitle = {Networked Systems - First International Conference, {NETYS} 2013,
               Marrakech, Morocco, May 2-4, 2013, Revised Selected Papers},
  series    = {Lecture Notes in Computer Science},
  volume    = {7853},
  pages     = {175--189},
  publisher = {Springer},
  year      = {2013},
  url       = {https://doi.org/10.1007/978-3-642-40148-0\_13},
  doi       = {10.1007/978-3-642-40148-0\_13},
  timestamp = {Wed, 07 Dec 2022 23:13:48 +0100},
  biburl    = {https://dblp.org/rec/conf/netys/BermbachK13.bib},
  bibsource = {dblp computer science bibliography, https://dblp.org}
}

@article{consistency-models,
  author     = {Hesam Nejati Sharif Aldin and
                Hossein Deldari and
                Mohammad Hossein Moattar and
                Mostafa Razavi Ghods},
  title      = {Consistency models in distributed systems: {A} survey on definitions,
                disciplines, challenges and applications},
  journal    = {CoRR},
  volume     = {abs/1902.03305},
  year       = {2019},
  url        = {http://arxiv.org/abs/1902.03305},
  eprinttype = {arXiv},
  eprint     = {1902.03305},
  timestamp  = {Tue, 21 May 2019 18:03:40 +0200},
  biburl     = {https://dblp.org/rec/journals/corr/abs-1902-03305.bib},
  bibsource  = {dblp computer science bibliography, https://dblp.org}
}

@book{distributed-systems-principles-paradigms,
  author    = {Andrew S. Tanenbaum and
               Maarten van Steen},
  title     = {Distributed systems - principles and paradigms, 2nd Edition},
  publisher = {Pearson Education},
  year      = {2007},
  isbn      = {978-0-13-239227-3},
  timestamp = {Thu, 27 Apr 2017 16:04:05 +0200},
  biburl    = {https://dblp.org/rec/books/daglib/0019513.bib},
  bibsource = {dblp computer science bibliography, https://dblp.org}
}

@inproceedings{epidemic-algs-for-pubsub,
  author    = {Paolo Costa and
               Matteo Migliavacca and
               Gian Pietro Picco and
               Gianpaolo Cugola},
  title     = {Epidemic Algorithms for Reliable Content-Based Publish-Subscribe:
               An Evaluation},
  booktitle = {24th International Conference on Distributed Computing Systems {(ICDCS)}
               2004, 24-26 March 2004, Hachioji, Tokyo, Japan},
  pages     = {552--561},
  publisher = {{IEEE} Computer Society},
  year      = {2004},
  url       = {https://doi.org/10.1109/ICDCS.2004.1281622},
  doi       = {10.1109/ICDCS.2004.1281622},
  timestamp = {Fri, 24 Mar 2023 00:04:18 +0100},
  biburl    = {https://dblp.org/rec/conf/icdcs/CostaMPC04.bib},
  bibsource = {dblp computer science bibliography, https://dblp.org}
}

@article{faces-of-pub-sub,
  author    = {Patrick Th. Eugster and
               Pascal Felber and
               Rachid Guerraoui and
               Anne{-}Marie Kermarrec},
  title     = {The many faces of publish/subscribe},
  journal   = {{ACM} Comput. Surv.},
  volume    = {35},
  number    = {2},
  pages     = {114--131},
  year      = {2003},
  url       = {https://doi.org/10.1145/857076.857078},
  doi       = {10.1145/857076.857078},
  timestamp = {Mon, 26 Jun 2023 20:52:30 +0200},
  biburl    = {https://dblp.org/rec/journals/csur/EugsterFGK03.bib},
  bibsource = {dblp computer science bibliography, https://dblp.org}
}

@book{fault-tolerance-distributed-systems,
  author    = {Pankaj Jalote},
  title     = {Fault tolerance in distributed systems},
  publisher = {Prentice Hall},
  year      = {1994},
  isbn      = {978-0-13-301367-2},
  timestamp = {Fri, 29 Apr 2011 18:24:06 +0200},
  biburl    = {https://dblp.org/rec/books/daglib/0077395.bib},
  bibsource = {dblp computer science bibliography, https://dblp.org}
}

@inproceedings{gryphon,
  author    = {Sumeer Bhola and
               Robert E. Strom and
               Saurabh Bagchi and
               Yuanyuan Zhao and
               Joshua S. Auerbach},
  title     = {Exactly-once Delivery in a Content-based Publish-Subscribe System},
  booktitle = {2002 International Conference on Dependable Systems and Networks {(DSN}
               2002), 23-26 June 2002, Bethesda, MD, USA, Proceedings},
  pages     = {7--16},
  publisher = {{IEEE} Computer Society},
  year      = {2002},
  url       = {https://doi.org/10.1109/DSN.2002.1028881},
  doi       = {10.1109/DSN.2002.1028881},
  timestamp = {Fri, 24 Mar 2023 00:01:46 +0100},
  biburl    = {https://dblp.org/rec/conf/dsn/BholaSBZA02.bib},
  bibsource = {dblp computer science bibliography, https://dblp.org}
}

@inproceedings{intro-epidemic-algs-for-pubsub,
  author    = {Paolo Costa and
               Matteo Migliavacca and
               Gian Pietro Picco and
               Gianpaolo Cugola},
  editor    = {Hans{-}Arno Jacobsen},
  title     = {Introducing reliability in content-based publish-subscribe through
               epidemic algorithms},
  booktitle = {Proceedings of the 2nd International Workshop on Distributed Event-Based
               Systems, {DEBS} 2003, Sunday, June 8th, 2003, San Diego, California,
               {USA} (in conjunction with {(SIGMOD/PODS)})},
  publisher = {{ACM}},
  year      = {2003},
  url       = {https://doi.org/10.1145/966618.966629},
  doi       = {10.1145/966618.966629},
  timestamp = {Tue, 06 Nov 2018 11:07:34 +0100},
  biburl    = {https://dblp.org/rec/conf/debs/CostaMPC03.bib},
  bibsource = {dblp computer science bibliography, https://dblp.org}
}

@phdthesis{large-content-based-pubsub-systems,
  author    = {Gero M{\"{u}}hl},
  title     = {Large-scale content based publish, subscribe systems},
  school    = {Darmstadt University of Technology, Germany},
  year      = {2002},
  url       = {http://elib.tu-darmstadt.de/diss/000274},
  urn       = {urn:nbn:de:tuda-tuprints-2746},
  timestamp = {Sat, 17 Jul 2021 09:07:37 +0200},
  biburl    = {https://dblp.org/rec/phd/de/Muhl2002.bib},
  bibsource = {dblp computer science bibliography, https://dblp.org}
}

@online{linearizability-geeks,
  author  = {GeeksForGeeks},
  title   = {Strict consistency or Linearizability in System Design},
  year    = 2023,
  url     = {https://www.geeksforgeeks.org/strict-consistency-or-linearizability-in-system-design/},
  urldate = {2023-10-04}
}

@inproceedings{minavg-k-tco,
  author    = {Chen Chen and
               Roman Vitenberg and
               Hans{-}Arno Jacobsen},
  editor    = {Panagiota Fatourou and
               Gadi Taubenfeld},
  title     = {Brief announcement: constructing fault-tolerant overlay networks for
               topic-based publish/subscribe},
  booktitle = {{ACM} Symposium on Principles of Distributed Computing, {PODC} '13,
               Montreal, QC, Canada, July 22-24, 2013},
  pages     = {184--186},
  publisher = {{ACM}},
  year      = {2013},
  url       = {https://doi.org/10.1145/2484239.2484282},
  doi       = {10.1145/2484239.2484282},
  timestamp = {Tue, 06 Nov 2018 11:07:19 +0100},
  biburl    = {https://dblp.org/rec/conf/podc/ChenVJ13.bib},
  bibsource = {dblp computer science bibliography, https://dblp.org}
}

@inproceedings{p2s,
  author    = {Tiancheng Chang and
               Sisi Duan and
               Hein Meling and
               Sean Peisert and
               Haibin Zhang},
  editor    = {Umesh Bellur and
               Ravi Kothari},
  title     = {{P2S:} a fault-tolerant publish/subscribe infrastructure},
  booktitle = {The 8th {ACM} International Conference on Distributed Event-Based
               Systems, {DEBS} '14, Mumbai, India, May 26-29, 2014},
  pages     = {189--197},
  publisher = {{ACM}},
  year      = {2014},
  url       = {https://doi.org/10.1145/2611286.2611305},
  doi       = {10.1145/2611286.2611305},
  timestamp = {Mon, 15 Jun 2020 17:11:17 +0200},
  biburl    = {https://dblp.org/rec/conf/debs/ChangDMPZ14.bib},
  bibsource = {dblp computer science bibliography, https://dblp.org}
}

@inproceedings{partial-replication,
  author    = {Ant{\'{o}}nio Lu{\'{\i}}s Pinto Ferreira de Sousa and
               Rui Oliveira and
               Francisco Moura and
               Fernando Pedone},
  title     = {Partial Replication in the Database State Machine},
  booktitle = {{IEEE} International Symposium on Network Computing and Applications
               {(NCA} 2001), October 8-10, 2001, Cambridge, MA, {USA}},
  pages     = {298--309},
  publisher = {{IEEE} Computer Society},
  year      = {2001},
  url       = {https://doi.org/10.1109/NCA.2001.962546},
  doi       = {10.1109/NCA.2001.962546},
  timestamp = {Tue, 20 Jun 2023 14:04:12 +0200},
  biburl    = {https://dblp.org/rec/conf/nca/SousaOMP01.bib},
  bibsource = {dblp computer science bibliography, https://dblp.org}
}

@article{principles-of-eventual-consistency,
  author    = {Sebastian Burckhardt},
  title     = {Principles of Eventual Consistency},
  journal   = {Found. Trends Program. Lang.},
  volume    = {1},
  number    = {1-2},
  pages     = {1--150},
  year      = {2014},
  url       = {https://doi.org/10.1561/2500000011},
  doi       = {10.1561/2500000011},
  timestamp = {Wed, 20 May 2020 21:26:00 +0200},
  biburl    = {https://dblp.org/rec/journals/ftpl/Burckhardt14.bib},
  bibsource = {dblp computer science bibliography, https://dblp.org}
}

@book{pubsub-systems-book,
  title     = {Publish/subscribe systems: design and principles},
  author    = {Tarkoma, Sasu},
  year      = {2012},
  publisher = {John Wiley \& Sons}
}

@inproceedings{replication-state-of-the-art,
  author    = {Ying Liu and
               Vladimir Vlassov},
  title     = {Replication in Distributed Storage Systems: State of the Art, Possible
               Directions, and Open Issues},
  booktitle = {2013 International Conference on Cyber-Enabled Distributed Computing
               and Knowledge Discovery, CyberC 2013, Beijing, China, October 10-12,
               2013},
  pages     = {225--232},
  publisher = {{IEEE} Computer Society},
  year      = {2013},
  url       = {https://doi.org/10.1109/CyberC.2013.44},
  doi       = {10.1109/CyberC.2013.44},
  timestamp = {Fri, 24 Mar 2023 00:03:02 +0100},
  biburl    = {https://dblp.org/rec/conf/cyberc/LiuV13.bib},
  bibsource = {dblp computer science bibliography, https://dblp.org}
}

@article{scribe,
  author    = {Miguel Castro and
               Peter Druschel and
               Anne{-}Marie Kermarrec and
               Antony I. T. Rowstron},
  title     = {Scribe: a large-scale and decentralized application-level multicast
               infrastructure},
  journal   = {{IEEE} J. Sel. Areas Commun.},
  volume    = {20},
  number    = {8},
  pages     = {1489--1499},
  year      = {2002},
  url       = {https://doi.org/10.1109/JSAC.2002.803069},
  doi       = {10.1109/JSAC.2002.803069},
  timestamp = {Mon, 26 Jun 2023 20:51:54 +0200},
  biburl    = {https://dblp.org/rec/journals/jsac/CastroDKR02.bib},
  bibsource = {dblp computer science bibliography, https://dblp.org}
}

@inproceedings{towards-comprehensive-measurement-guarantees,
  author    = {David Bermbach and
               Liang Zhao and
               Sherif Sakr},
  editor    = {Raghunath Nambiar and
               Meikel Poess},
  title     = {Towards Comprehensive Measurement of Consistency Guarantees for Cloud-Hosted
               Data Storage Services},
  booktitle = {Performance Characterization and Benchmarking - 5th {TPC} Technology
               Conference, {TPCTC} 2013, Trento, Italy, August 26, 2013, Revised
               Selected Papers},
  series    = {Lecture Notes in Computer Science},
  volume    = {8391},
  pages     = {32--47},
  publisher = {Springer},
  year      = {2013},
  url       = {https://doi.org/10.1007/978-3-319-04936-6\_3},
  doi       = {10.1007/978-3-319-04936-6\_3},
  timestamp = {Sun, 02 Jun 2019 21:25:48 +0200},
  biburl    = {https://dblp.org/rec/conf/tpctc/BermbachZS13.bib},
  bibsource = {dblp computer science bibliography, https://dblp.org}
}

@inproceedings{tutorial-on-reliability-in-pubsub,
  author    = {Christian Esposito},
  editor    = {Fran{\c{c}}ois Bry and
               Adrian Paschke and
               Patrick Th. Eugster and
               Christof Fetzer and
               Andreas Behrend},
  title     = {A tutorial on reliability in publish/subscribe services},
  booktitle = {Proceedings of the Sixth {ACM} International Conference on Distributed
               Event-Based Systems, {DEBS} 2012, Berlin, Germany, July 16-20, 2012},
  pages     = {399--406},
  publisher = {{ACM}},
  year      = {2012},
  url       = {https://doi.org/10.1145/2335484.2335537},
  doi       = {10.1145/2335484.2335537},
  timestamp = {Wed, 17 Aug 2022 11:16:50 +0200},
  biburl    = {https://dblp.org/rec/conf/debs/Esposito12.bib},
  bibsource = {dblp computer science bibliography, https://dblp.org}
}

@inproceedings{reliable-highly-available-pub-sub,
  author       = {Reza Sherafat Kazemzadeh and
                  Hans{-}Arno Jacobsen},
  title        = {Reliable and Highly Available Distributed Publish/Subscribe Service},
  booktitle    = {28th {IEEE} Symposium on Reliable Distributed Systems {(SRDS} 2009),
                  Niagara Falls, New York, USA, September 27-30, 2009},
  pages        = {41--50},
  publisher    = {{IEEE} Computer Society},
  year         = {2009},
  url          = {https://doi.org/10.1109/SRDS.2009.32},
  doi          = {10.1109/SRDS.2009.32},
  timestamp    = {Fri, 24 Mar 2023 00:03:01 +0100},
  biburl       = {https://dblp.org/rec/conf/srds/KazemzadehJ09.bib},
  bibsource    = {dblp computer science bibliography, https://dblp.org}
}